<?xml version="1.0" encoding="UTF-8"?><collection xmlns="http://www.loc.gov/MARC21/slim"><record><leader>00490nam--2200181-i-4500</leader><controlfield tag="001">000007909</controlfield><controlfield tag="002">20161230</controlfield><controlfield tag="005">20170116233145</controlfield><controlfield tag="008">060222s1000------------r-----000-0-eng-d</controlfield><datafield ind1=" " ind2=" " tag="080"><subfield code="a">621.039.54</subfield></datafield><datafield ind1=" " ind2=" " tag="100"><subfield code="a">Accary, A</subfield></datafield><datafield ind1=" " ind2=" " tag="245"><subfield code="a">Influence of heat treatments on uranium mono carbide uc and u-uc cermets</subfield></datafield><datafield ind1=" " ind2=" " tag="260"><subfield code="a">Chalk River</subfield><subfield code="b">Atomic Energy Of Canada Ltd</subfield><subfield code="c">1965</subfield></datafield><datafield ind1=" " ind2=" " tag="300"><subfield code="a">13 p</subfield></datafield><datafield ind1=" " ind2=" " tag="490"><subfield code="a">2372 (Anglia)</subfield></datafield><datafield ind1=" " ind2=" " tag="700"><subfield code="a">Lucas, R</subfield></datafield><datafield ind1=" " ind2=" " tag="852"><subfield code="a">25565</subfield></datafield><datafield ind1=" " ind2=" " tag="CAT"><subfield code="a">SYS</subfield><subfield code="c">20170116</subfield><subfield code="h">233145</subfield></datafield></record></collection>